% citation entry: \cite{<bib-name>}
% @misc{rpi3,
% title = {{Raspberry Pi 3 Model B+}},
% howpublished = "\url{https://www.raspberrypi.org/products/raspberry-pi-3-model-b-plus/?resellerType=home}",
% lastaccessed = {Nov 8, 2020},
% shorthand={RPi3},
% }
